<record><leader>00000cas a22000007a 4500</leader><controlfield tag="001">13854182</controlfield><controlfield tag="008">860711d18uu18uuvauwr ne      0    0eng  </controlfield><datafield ind1=" " ind2=" " tag="010"><subfield code="a">sn 86071707 </subfield></datafield><datafield ind1=" " ind2=" " tag="040"><subfield code="a">DLC</subfield><subfield code="b">eng</subfield><subfield code="c">DLC</subfield><subfield code="d">OCLCQ</subfield></datafield><datafield ind1=" " ind2=" " tag="042"><subfield code="a">msc</subfield></datafield><datafield ind1="0" ind2="0" tag="050"><subfield code="a">Newspaper 10028-X</subfield></datafield><datafield ind1="0" ind2="0" tag="245"><subfield code="a">Weekly Virginian.</subfield></datafield><datafield ind1="1" ind2="3" tag="246"><subfield code="a">Lynchburg Virginian</subfield></datafield><datafield ind1=" " ind2=" " tag="260"><subfield code="a">[Lynchburg, Va. :</subfield><subfield code="b">S.n.]</subfield></datafield><datafield ind1=" " ind2=" " tag="300"><subfield code="a">v. ;</subfield><subfield code="c">44 cm.</subfield></datafield><datafield ind1=" " ind2=" " tag="310"><subfield code="a">Weekly</subfield></datafield><datafield ind1=" " ind2=" " tag="580"><subfield code="a">Also published in a daily ed. called: Daily Lynchburg Virginian, and in a triweekly ed. called: Lynchburg Virginian.</subfield></datafield><datafield ind1=" " ind2=" " tag="588"><subfield code="a">Description based on: Apr. 1, 1864.</subfield></datafield><datafield ind1=" " ind2=" " tag="752"><subfield code="a">United States</subfield><subfield code="b">Virginia</subfield><subfield code="d">Lynchburg.</subfield></datafield><datafield ind1="1" ind2=" " tag="775"><subfield code="t">Daily Lynchburg Virginian (Lynchburg, Va. : 1861)</subfield><subfield code="w">(DLC)sn 85034361</subfield></datafield><datafield ind1="1" ind2=" " tag="775"><subfield code="t">Lynchburg Virginian (Lynchburg, Va. : 1856 : Weekly)</subfield><subfield code="w">(DLC)sn 85034363</subfield></datafield><datafield ind1="1" ind2=" " tag="029"><subfield code="a">AU@</subfield><subfield code="b">000025789664</subfield></datafield></record>